% This is the reference page% 

@misc{react,
  title={React.js overview},
  author={Sanity},
  year={2023},
  month={August},
  url={https://www.sanity.io/glossary/react-js}
}


@misc{material-ui,
	title={{What is Material UI?}},
	author={Alesia Sirotka},
	year={2022},
	month={March},
	url={https://flatlogic.com/blog/what-is-material-ui/}
}


@misc{vite,
	title={{What is Vite (and why is it so popular)?}},
	author={Eric Simons},
	year={2024},
	month={September},
	date={29},
	url={https://blog.stackblitz.com/posts/what-is-vite-introduction/}
}


@misc{socketio,
	title={{Introduction}},
	author={Socket.IO},
	year={2024},
	month={July},
	date={24},
	url={https://socket.io/docs/v4/}
}


@misc{3-tier,
	title={{Three-tier architecture}},
	author={Aryan Patil},
	year={2023},
	url={https://hyperskill.org/learn/step/25083}
}
